%@article{einstein,
%    author =       "Albert Einstein",
%    title =        "{Zur Elektrodynamik bewegter K{\"o}rper}. ({German})
%    [{On} the electrodynamics of moving bodies]",
%    journal =      "Annalen der Physik",
%    volume =       "322",
%    number =       "10",
%    pages =        "891--921",
%    year =         "1905",
%    DOI =          "http://dx.doi.org/10.1002/andp.19053221004",
%    keywords =     "physics"
%}
% 
%@book{dirac,
%    title={The Principles of Quantum Mechanics},
%    author={Paul Adrien Maurice Dirac},
%    isbn={9780198520115},
%    series={International series of monographs on physics},
%    year={1981},
%    publisher={Clarendon Press},
%    keywords = {physics}
%}
 
@online{FMA_homepage,
    AUTHOR    = {FMA},
    TITLE     	= {Solvency II},
    URL       	= {https://www.fma.gv.at/en/insurance/solvency-ii/}
}

@online{EIOPA_homepage,
    AUTHOR    = {EIOPA},
    TITLE    	= {Solvency II},
    URL       	= {https://eiopa.europa.eu/regulation-supervision/insurance/solvency-ii}
}

@online{Lamfalussy_homepage,
    AUTHOR   	= {European Commission},
    TITLE     	= {Regulatory process in financial services},
    URL       	= {https://ec.europa.eu/info/business-economy-euro/banking-and-finance/financial-reforms-and-their-progress/regulatory-process-financial-services/regulatory-process-financial-services_en}
}

@manual{Directive,
    AUTHOR	= {EUROPEAN PARLIAMENT AND THE COUNCIL},
    TITLE	= {Directive 2009/138/EC on the taking-up and pursuit of the business of Insurance and Reinsurance (Solvency II)},
    YEAR	= {25  Nov. 2009},
    URL 	= {http://eur-lex.europa.eu/legal-content/EN/TXT/PDF/?uri=CELEX:32009L0138&from=EN}
}

@manual{Time_horizon,
    AUTHOR	= {CEIOPS},
    TITLE	= {CEIOPS’ Advice for Level 2 Implementing Measures on Solvency II: Technical provisions},
    YEAR	= {Oct. 2009},
    URL 	= {https://eiopa.europa.eu/CEIOPS-Archive/Documents/Advices/CEIOPS-L2-Final-Advice-on-TP-Best-Estimate.pdf}
}

@manual{fakten_trends,
    AUTHOR	= {FMA},
    TITLE	= {Fakten, Trends \& Strategien 2016},
    YEAR	= {2016},
    URL 	= {https://www.fma.gv.at/publikationen/fakten-trends-strategien/}
}

@manual{Guidelines_TP,
    AUTHOR	= {EIOPA},
    TITLE	= {Guidelines on valuation of technical provisions},
    YEAR	= {02.02.2015},
    URL 	= {https://eiopa.europa.eu/Publications/Guidelines/TP_Final_document_EN.pdf}
}

@manual{Final_Report,
    AUTHOR	= {EIOPA},
    TITLE	= {Final Report on Public Consultation No. 14/036 on Guidelines on valuation of technical provisions},
    YEAR	= {02.02.2015},
    URL 	=  {https://eiopa.europa.eu/Publications/Guidelines/Final_Report_Val_tech_prov_GLs.pdf}
}

@Book{Regulations,
    AUTHOR 	= {European Commission},
    TITLE	= {Official Journal of the European Union},
    VOLUME 	= {58},
    DATE 	= {17 January 2015},
    SERIES 	= {L}
}

@BOOK{Introducion_Stat_Learning,
    AUTHOR 	= {James, Gareth AND Witten, Daniela AND Hastie, Trevor AND Tibshirani, Robert},
    YEAR 	= {2013},
    TITLE	= {An Introduction to Statistical Learning - with Applications in R},
    EDITION 	= {1st ed. 2013, Corr. 6th printing 2016},
    ISBN 	= {978-1-461-47138-7},
    PUBLISHER = {Springer Science \& Business Media},
    ADDRESS 	= {Berlin Heidelberg}
}

@BOOK{Elements_Stat_Learning,
    AUTHOR 	= {Hastie, Trevor AND Tibshirani, Robert AND Friedman, Jerome},
    YEAR 	= {2009},
    TITLE 	= {The Elements of Statistical Learning - Data Mining, Inference, and Prediction, Second Edition},
    EDITION 	= {2. Aufl.},
    ISBN 	= {978-0-387-84858-7},
    PUBLISHER = {Springer Science \& Business Media},
    ADDRESS	= {Berlin Heidelberg}
}

@INBOOK{NP_hard,
    AUTHOR	= {Mahajan, Meena and Nimbhorkar, Prajakta and Varadarajan, Kasturi},
    EDITOR	= {Das, Sandip and Uehara, Ryuhei},
    TITLE	= {The Planar k-Means Problem is NP-Hard},
    BOOKTITLE= {WALCOM: Algorithms and Computation: Third International Workshop, WALCOM 2009, Kolkata, India, February 18-20, 2009. Proceedings},
    YEAR	= {2009},
    PUBLISHER= {Springer Berlin Heidelberg},
    PAGES	= {274--285},
    ISBN	= {978-3-642-00202-1},
    URL 	= {http://dx.doi.org/10.1007/978-3-642-00202-1_24}
}

@article{jain2010data,
    TITLE	={Data clustering: 50 years beyond K-means},
    AUTHOR	={Jain, Anil K},
    JOURNAL	={Pattern recognition letters},
    VOLUME	={31},
    NUMBER	={8},
    PAGES	={651--666},
    YEAR	={2010},
    PUBLISHER={Elsevier}
}

@BOOK{Gerber,
    AUTHOR 		= {Gerber, Hans U.},
    YEAR 		= {2013},
    TITLE		= {Life Insurance Mathematics - },
    EDITION 	= {},
    ISBN 		= {978-3-662-03460-6},
    PUBLISHER 	= {Springer Science \& Business Media},
    ADDRESS		= {Berlin Heidelberg}
}

@article{lloyd1982least,
  TITLE	= {Least squares quantization in PCM},
  AUTHOR	= {Lloyd, Stuart},
  JOURNAL	= {IEEE transactions on information theory},
  VOLUME	= {28},
  NUMBER	= {2},
  PAGES		= {129--137},
  YEAR		= {1982},
  PUBLISHER	= {IEEE}
}
 
@ARTICLE{milligan1985examination,
  TITLE	= {An examination of procedures for determining the number of clusters in a data set},
  AUTHOR	= {Milligan, Glenn W and Cooper, Martha C},
  JOURNAL	= {Psychometrika},
  VOLUME	= {50},
  NUMBER	= {2},
  PAGES		= {159--179},
  YEAR		= {1985},
  PUBLISHER	= {Springer}
}

@ARTICLE{tibshirani2001estimating,
  TITLE	= {Estimating the number of clusters in a data set via the gap statistic},
  AUTHOR	= {Tibshirani, Robert and Walther, Guenther and Hastie, Trevor},
  JOURNAL	= {Journal of the Royal Statistical Society: Series B (Statistical Methodology)},
  VOLUME	= {63},
  NUMBER	= {2},
  PAGES		= {411--423},
  YEAR		= {2001},
  PUBLISHER	= {Wiley Online Library}
}


@ARTICLE{rousseeuw1987silhouettes,
  TITLE		={Silhouettes: a graphical aid to the interpretation and validation of cluster analysis},
  AUTHOR	={Rousseeuw, Peter J},
  JOURNAL	={Journal of computational and applied mathematics},
  VOLUME	={20},
  PAGES		={53--65},
  YEAR		={1987},
  PUBLISHER	={Elsevier}
}

@MANUAL{analysis_1,
    AUTHOR	= {Michael Kaltenbäck},
    TITLE	= {Analysis 1},
    YEAR	= {2014},
    URL 	=  {https://www.asc.tuwien.ac.at/~funkana/skripten/ANA_I.pdf}
}

@iINPROCEEDINGS{arthur2006slow,
    TITLE			={How slow is the k-means method?},
    AUTHOR			={Arthur, David and Vassilvitskii, Sergei},
    BOOKTITLE		={Proceedings of the twenty-second annual symposium on Computational geometry},
    PAGES			={144--153},
    YEAR			={2006},
    ORGANIZATION	={ACM}
}

@book{bellman1961adaptive,
    TITLE		={Adaptive control processes: a guided tour},
    AUTHOR		={Bellman, Richard E},
    YEAR		={1961},
    PUBLISHER	={Princeton university press}
}

@article{domingos2012few,
    TITLE		={A few useful things to know about machine learning},
    AUTHOR		={Domingos, Pedro},
    JOURNAL		={Communications of the ACM},
    VOLUME		={55},	
    NUMBER		={10},
    PAGES		={78--87},
    YEAR		={2012},
    PUBLISHER	={ACM}
}

@inproceedings{beyer1999nearest,
    TITLE		={When is “nearest neighbor” meaningful?},
    AUTHOR		={Beyer, Kevin and Goldstein, Jonathan and Ramakrishnan, Raghu and Shaft, Uri},
    BOOKTITLE	={International conference on database theory},
    PAGES		={217--235},
    YEAR 		={1999},
    ORGANISATION	={Springer}
}

@article{kainhofer2006new,
  title			={The new Austrian annuity valuation table AV{\"O} 2005R},
  author		={Kainhofer, Reinhold and Predota, Martin and Schmock, Uwe},
  year			={2006},
  publisher		={Citeseer}
}

@book{np_hard_reference,
  title		={Computational complexity},
  author	={Papadimitriou, Christos H},
  year		={2003},
  publisher	={John Wiley and Sons Ltd.}
}

@Article{datenschutz,
  title   = {REGULATION (EU) 2016/679 OF THE EUROPEAN PARLIAMENT AND OF THE COUNCIL of 27 April 2016 on the protection of natural persons with regard to the processing of personal data and on the free movement of such data, and repealing Directive 95/46/EC (General Data Protection Regulation)},
  journal = {OJ},
  year    = {2016-05-04},
  volume  = {59}
}

@book{lawson,
  title		={Solving least squares problems},
  author	={Lawson, Charles L and Hanson, Richard J},
  volume	={15},
  year		={1995},
  publisher	={Siam}
}

@misc{Numerik,
  author        = {W. Hofmann},
  title         = {Numerische Mathematik für Studierende der Mathematik und Technomathematik},
  month         = {February},
  year          = {2004},
  publisher		={Universität Hamburg}
}

@book{stewart1998matrix,
  title		={Matrix Algorithms: Volume 1: Basic Decompositions},
  author	={Stewart, Gilbert W},
  volume	={1},
  year		={1998},
  publisher	={Siam}
}

@misc{AnaII,
  author        = {Michael Kaltenbäck},
  title         = {Analysis 2 für Technische Mathematik},
  month         = {February},
  year          = {2015},
  publisher		= {Technische Universität Wien}
}